% Encoding: UTF-8

@Misc{haan_modeling_2009,
  author = {Haan, Johan den},
  title  = {Modeling {An} {Organization} {Using} {Enterprise} {Ontology}},
  year   = {2009},
  note   = {Published: [ONLINE] [accessed: 17. 3. 2018]},
  url    = {http://www.theenterprisearchitect.eu/blog/2009/10/10/modeling-an-organization-using-enterprise-ontology/},
}

@Book{perinforma2015the,
 author = {Perinforma, Alicia},
 title = {The essence of organisation : an introduction to enterprise engineering},
 publisher = {Sapio Enterprise Engineering},
 year = {2015},
 address = {Netherlands},
 isbn = {978-90-815449-4-8}
 }
